%% Created using Papers on Wed, 07 Apr 2021.
%% http://papersapp.com/papers/

@article{Morgan:2018kj,
author = {Morgan, Stephen L},
title = {Status Threat, Material Interests, and the 2016 Presidential Vote},
journal = {Socius: Sociological Research for a Dynamic World},
year = {2018},
volume = {4},
number = {1},
month = jul
}

@article{Jacobson:2017ei,
author = {Jacobson, Gary C},
title = {{The Triumph of Polarized Partisanship in 2016: Donald Trump's Improbable Victory}},
journal = {Political Science Quarterly},
year = {2017},
volume = {132},
number = {1},
pages = {9--41},
month = apr
}

@article{Sides:2017bl,
author = {Sides, John and Tesler, Michael and Vavreck, Lynn},
title = {{How Trump Lost and Won}},
journal = {Journal of Democracy},
year = {2017},
volume = {28},
number = {2},
pages = {34--44}
}

@article{Federico:2018gx,
author = {Federico, Christopher M and de Zavala, Agnieszka Golec},
title = {{Collective Narcissism and the 2016 US Presidential Vote}},
journal = {Public Opinion Quarterly},
year = {2018},
volume = {82},
number = {1},
pages = {110--121},
month = feb
}

@article{Hooghe:2018cx,
author = {Hooghe, Marc and Dassonneville, Ruth},
title = {{Explaining the Trump Vote: The Effect of Racist Resentment and Anti-Immigrant Sentiments}},
journal = {PS: Political Science {\&} Politics},
year = {2018},
volume = {51},
number = {03},
pages = {528--534},
month = apr
}

@article{Scala:2017jw,
author = {Scala, Dante J and Johnson, Kenneth M},
title = {{Political Polarization along the Rural-Urban Continuum? The Geography of the Presidential Vote, 2000{\textendash}2016}},
journal = {The Annals of the American Academy of Political and Social Science},
year = {2017},
volume = {672},
number = {1},
pages = {162--184},
month = jun
}

@article{Rothwell:2016tj,
author = {Rothwell, Jonathan and Diego-Rosell, Pablo},
title = {Explaining nationalist political views: The case of Donald Trump},
journal = {Working Paper},
year = {2016},
month = nov
}

@article{Morgan:2018eb,
author = {Stephen L Morgan and Jiwon Lee},
title = {{Trump Voters and the White Working Class}},
journal = {Sociological Science},
year = {2018},
volume = {5},
pages = {234--245}
}

@article{Campbell:B_a0rfJA,
author = {Campbell, James},
title = {{Trump Supporters: In Their Own Words}},
year = {2016},
month = mar
}

@article{Oliver:2016by,
author = {Oliver, J Eric and Rahn, Wendy M},
title = {{Rise of the Trumpenvolk}},
journal = {The Annals of the American Academy of Political and Social Science},
year = {2016},
volume = {667},
number = {1},
pages = {189--206},
month = aug
}

@article{Schaffner:2020cr,
author = {Schaffner, Brian F},
title = {{The Heightened Importance of Racism and Sexism in the 2018 US Midterm Elections}},
journal = {British Journal of Political Science},
year = {2020},
volume = {82},
pages = {1--9},
month = sep
}

@article{Carnes:2020br,
author = {Carnes, Nicholas and Lupu, Noam},
title = {{The White Working Class and the 2016 Election}},
journal = {Perspectives on Politics},
year = {2021},
volume = {19},
number = {1},
pages = {55--72},
month = mar
}

@article{Ferguson:2020ig,
author = {Ferguson, Thomas and Page, Benjamin I and Rothschild, Jacob and Chang, Arturo and Chen, Jie},
title = {{The Roots of Right-Wing Populism: Donald Trump in 2016}},
journal = {International Journal of Political Economy},
year = {2020},
volume = {49},
number = {2},
pages = {102--123},
month = jul
}

@article{Baccini:is,
author = {Baccini, Leonardo and Weymouth, Stephen},
title = {{Gone for Good: Deindustrialization, white voter backlash, and US presidential voting}},
journal = {American Journal of Political Science},
year = {2021},
volume = {115},
number = {2},
pages = {550--567}
}

@article{Agnew:2020jy,
author = {Agnew, John and Shin, Michael},
title = {{The Counties that Counted: Could 2020 Repeat 2016 in the US Electoral College?}},
journal = {The Forum},
year = {2020},
volume = {17},
number = {4},
pages = {675--692},
month = mar
}

@article{Green:2019bc,
author = {Green, Jon},
title = {{Floating policy voters in the 2016 U.S. presidential election}},
journal = {Electoral Studies},
year = {2019},
pages = {102028},
month = sep
}

@article{Wright:2018fs,
author = {Wright, Joshua D and Esses, Victoria M},
title = {{It{\textquoteright}s security, stupid! Voters{\textquoteright} perceptions of immigrants as a security risk predicted support for Donald Trump in the 2016 US presidential election}},
journal = {Journal of Applied Social Psychology},
year = {2018},
volume = {49},
number = {1},
pages = {36--49},
month = nov
}

@article{Cassese:2018cta,
author = {Cassese, Erin C and Barnes, Tiffany D},
title = {{Reconciling Sexism and Women{\textquoteright}s Support for Republican Candidates: A Look at Gender, Class, and Whiteness in the 2012 and 2016 Presidential Races}},
journal = {Political Behavior},
year = {2018},
volume = {41},
number = {3},
pages = {677--700},
month = may
}

@article{Stewart:2019fg,
author = {Stewart, Marianne C and Clarke, Harold D and Borges, Walter},
title = {{Hillary's hypothesis about attitudes towards women and voting in the 2016 presidential election}},
journal = {Electoral Studies},
year = {2019},
volume = {61},
month = oct
}

@article{Fan:2020fi,
author = {Fan, Maoyong and Pena, Anita Alves},
title = {{Decomposing US Political Ideology: Local Labor Market Polarization and Race in the 2016 Presidential Election}},
journal = {Journal of Economics, Race, and Policy},
year = {2020},
volume = {96},
number = {2},
pages = {189},
month = may
}

@article{Cassese:2018ct,
author = {Cassese, Erin C and Barnes, Tiffany D},
title = {{Reconciling Sexism and Women{\textquoteright}s Support for Republican Candidates: A Look at Gender, Class, and Whiteness in the 2012 and 2016 Presidential Races}},
journal = {Political Behavior},
year = {2018},
volume = {41},
number = {3},
pages = {677--700},
month = may
}

@article{Whitehead:2018jo,
author = {Whitehead, Andrew L and Perry, Samuel L and Baker, Joseph O},
title = {{Make America Christian Again: Christian Nationalism and Voting for Donald Trump in the 2016 Presidential Election}},
journal = {Sociology of Religion},
year = {2018},
volume = {79},
number = {2},
pages = {147--171},
month = jan
}

@article{Monnat:2017hk,
author = {Monnat, Shannon M and Brown, David L},
title = {{More than a rural revolt: Landscapes of despair and the 2016 Presidential election}},
journal = {Journal of Rural Studies},
year = {2017},
volume = {55},
pages = {227--236},
month = oct
}

@article{Boxell:2018gn,
author = {Boxell, Levi and Gentzkow, Matthew and Shapiro, Jesse M},
title = {{Greater Internet use is not associated with faster growth in political polarization among US demographic groups}},
journal = {Proceedings of the National Academy of Sciences},
year = {2018},
volume = {115},
number = {3},
pages = {E556--E556},
month = jan
}

@book{Schaffner:2020cc,
author = {Schaffner, Brian F},
title = {{The Acceptance and Expression of Prejudice during the Trump Era}},
publisher = {Cambridge University Press},
year = {2020},
edition = {1},
month = oct
}

@article{Monogan:2018ii,
author = {Monogan, James E},
title = {{Anxious Voters in the 2016 U.S. Election: An Analysis of How They Decided from the ERPC2016}},
journal = {Political Behavior},
year = {2018},
volume = {42},
number = {1},
pages = {189--212},
month = aug
}

@article{Luttig:2017kk,
author = {Luttig, M D and Federico, C M and Lavine, H},
title = {{Supporters and opponents of Donald Trump respond differently to racial cues: An experimental analysis}},
journal = {Research {\&} Politics},
year = {2017},
volume = {4},
number = {4},
pages = {205316801773741},
month = dec
}

@article{Kennedy:2018hu,
author = {Kennedy, Courtney and Blumenthal, Mark and Clement, Scott and Clinton, Joshua D and Durand, Claire and Franklin, Charles and McGeeney, Kyley and Miringoff, Lee and Olson, Kristen and Rivers, Douglas and Saad, Lydia and Witt, G Evans and Wlezien, Christopher},
title = {{An Evaluation of the 2016 Election Polls in the United States}},
journal = {Public Opinion Quarterly},
year = {2018},
volume = {82},
number = {1},
pages = {1--33},
month = feb
}

@article{Oberhauser:2019dd,
author = {Oberhauser, Ann M and Krier, Daniel and Kusow, Abdi M},
title = {{Political Moderation and Polarization in the Heartland: Economics, Rurality, and Social Identity in the 2016 U.S. Presidential Election}},
journal = {The Sociological Quarterly},
year = {2019},
volume = {60},
number = {2},
pages = {224--244},
month = apr
}

@article{A:2020hs,
author = {Miller, Jennifer A and Grubesic, Tony H},
title = {{A Spatial Exploration of the Halo Effect in the 2016 U.S. Presidential Election}},
journal = {Annals of the American Association of Geographers},
year = {2020},
volume = {13}
}

@article{mutz2018,
author = {Mutz, Diana},
title = {{Status threat, not economic hardship, explains the 2016 presidential vote}},
journal = {Proceedings of the National Academy of Sciences},
year = {2018},
volume = {115},
number = {19},
pages = {E4330--E4339}
}

@article{Garand:2020kx,
author = {Garand, James C and Qi, Dan and Maga{\~n}a, Max},
title = {{Perceptions of Immigrant Threat, American Identity, and Vote Choice in the 2016 U.S. Presidential Election}},
journal = {Political Behavior},
year = {2020},
volume = {52},
number = {4},
month = sep
}

@article{Bankert:2020bx,
author = {Bankert, Alexa},
title = {{Negative and Positive Partisanship in the 2016 U.S. Presidential Elections}},
journal = {Political Behavior},
year = {2020},
volume = {41},
number = {1},
pages = {1--19},
month = feb
}

@article{Gimpel:2019gf,
author = {Gimpel, James G},
title = {{From Wedge Issue to Partisan Divide: The Development of Immigration Policy Opinion after 2016}},
journal = {The Forum},
year = {2019},
volume = {17},
number = {3},
pages = {467--486},
month = nov
}

@article{Engelhardt:2019dq,
author = {Engelhardt, Andrew M},
title = {{Trumped by Race: Explanations for Race{\textquoteright}s Influence on Whites{\textquoteright} Votes in 2016}},
journal = {Quarterly Journal of Political Science},
year = {2019},
volume = {14},
number = {3},
pages = {313--328},
month = jun
}

@article{Engelhardt:2020bl,
author = {Engelhardt, Andrew M},
title = {{Racial Attitudes Through a Partisan Lens}},
journal = {British Journal of Political Science},
year = {2020},
month = jan
}

@article{Knuckey:2018cm,
author = {Knuckey, Jonathan},
title = {{{\textquotedblleft}I Just Don't Think She Has a Presidential Look{\textquotedblright}: Sexism and Vote Choice in the 2016 Election*}},
journal = {Social Science Quarterly},
year = {2018},
volume = {100},
number = {1},
pages = {342--358},
month = nov
}

@article{Zingher:2020gx,
author = {Zingher, Joshua N},
title = {{On the measurement of social class and its role in shaping white vote choice in the 2016 U.S. presidential election}},
journal = {Electoral Studies},
year = {2020},
volume = {64},
month = apr
}

@article{Lajevardi:2019ii,
author = {Lajevardi, Nazita and Abrajano, Marisa},
title = {{How Negative Sentiment toward Muslim Americans Predicts Support for Trump in the 2016 Presidential Election}},
journal = {The Journal of Politics},
year = {2019},
volume = {81},
number = {1},
pages = {296--302},
month = jan
}

@article{Ogorzalek:2019dv,
author = {Ogorzalek, Thomas and Piston, Spencer and Puig, Luisa Godinez},
title = {{Nationally poor, locally rich: Income and local context in the 2016 presidential election}},
journal = {Electoral Studies},
year = {2019},
volume = {67},
pages = {102068}
}

@article{Bucci:2015gj,
author = {Bucci, Laura C},
title = {{White working-class politics and the consequences of declining unionization in the age of Trump}},
journal = {Politics, Groups, and Identities},
year = {2017},
volume = {5},
number = {2},
pages = {364--371}
}

@incollection{Smith:2017ft,
author = {Smith, Craig Allen},
title = {{Setting the Stage: Three Dimensions of Surfacing for 2016}},
booktitle = {The 2016 US Presidential Campaign},
year = {2017},
pages = {3--25},
publisher = {Springer International Publishing},
address = {Cham},
month = jun
}

@article{Valentino:2018da,
author = {Valentino, Nicholas A and Wayne, Carly and Oceno, Marzia},
title = {{Mobilizing Sexism: The Interaction of Emotion and Gender Attitudes in the 2016 US Presidential Election}},
journal = {Public Opinion Quarterly},
year = {2018},
volume = {82},
number = {S1},
pages = {799--821},
month = apr
}

@article{Bankert:2020bxa,
author = {Bankert, Alexa},
title = {{Negative and Positive Partisanship in the 2016 U.S. Presidential Elections}},
journal = {Political Behavior},
year = {2020},
volume = {41},
number = {1},
pages = {1--19},
month = feb
}

@article{Tucker:2019is,
author = {Tucker, Patrick D and Torres, Michelle and Sinclair, Betsy and Smith, Steven S},
title = {Pathways to Trump: Republican voters in 2016},
journal = {Electoral Studies},
year = {2019},
volume = {61},
pages = {102035},
month = oct
}

@article{Hill:2019iw,
author = {Hill, Seth J and Hopkins, Daniel J and Huber, Gregory A},
title = {{Local demographic changes and US presidential voting, 2012 to 2016}},
journal = {Proceedings of the National Academy of Sciences},
year = {2019},
volume = {116},
number = {50},
pages = {25023--25028},
month = dec
}

@article{Abramowitz:2018hp,
author = {Abramowitz, Alan I. and McCoy, Jennifer},
title = {{United States: Racial Resentment, Negative Partisanship, and Polarization in Trump{\textquoteright}s America}},
journal = {The Annals of the American Academy of Political and Social Science},
year = {2019},
volume = {681},
number = {1},
pages = {137--156},
month = jan
}

@article{Weinschenk:2019jb,
author = {Weinschenk, Aaron C and Dawes, Christopher T},
title = {{Moral Foundations, System Justification, and Support for Trump in the 2016 Presidential Election}},
journal = {The Forum},
year = {2019},
volume = {17},
number = {2},
pages = {195--208},
month = sep
}

@article{Gibson:2019gz,
author = {Gibson, Nadine S and Shaw, Daron R},
title = {{Politics as Unusual? Exploring Issues and the 2016 Presidential Vote}},
journal = {Social Science Quarterly},
year = {2019},
volume = {100},
number = {2},
pages = {447--465},
month = feb
}

@incollection{Dunn:2017jq,
author = {Dunn, Scott and Tedesco, John C},
title = {{Political Advertising in the 2016 Presidential Election}},
booktitle = {The 2016 US Presidential Campaign},
year = {2017},
pages = {99--120},
publisher = {Springer International Publishing},
address = {Cham},
month = jun
}

@article{Wlezien:2018hq,
author = {Wlezien, Christopher and Soroka, Stuart},
title = {{Mass Media and Electoral Preferences During the 2016 US Presidential Race}},
journal = {Political Behavior},
year = {2018},
volume = {41},
number = {4},
pages = {945--970},
month = jun
}

@article{McCall:gn,
author = {McCall, Leslie and Orloff, Ann Shola},
title = {{The multidimensional politics of inequality: taking stock of identity politics in the US Presidential election of 2016}},
journal = {The British Journal of Sociology},
volume = {68},
number = {S1},
pages = {S34--56},
annote = {QP quote: {\textquotedblleft}denying that the convictions of conser-
vatives are real interests does not further critical political analysis {\textendash} of left, right,
or centre.{\textquotedblright}}
}

@article{Schaffner:2018bp,
author = {Schaffner, Brian F and MacWilliams, Matthew and Nteta, Tatishe},
title = {{Understanding White Polarization in the 2016 Vote for President: The Sobering Role of Racism and Sexism}},
journal = {Political Science Quarterly},
year = {2018},
volume = {133},
number = {1},
pages = {9--34},
month = mar
}

@article{Mutz:2018gb,
author = {Mutz, Diana C},
title = {{Supporting Information for Status threat, not economic hardship, explains the 2016 presidential vote}},
journal = {Proceedings of the National Academy of Sciences},
year = {2018},
volume = {115},
number = {19},
pages = {E4330--E4339},
month = may
}

@article{Voelkel:2018bc,
author = {Voelkel, Jan G and Feinberg, Matthew},
title = {{Morally Reframed Arguments Can Affect Support for Political Candidates}},
journal = {Social Psychological and Personality Science},
year = {2018},
volume = {9},
number = {8},
pages = {917--924},
month = dec
}

@article{Levchak:2019be,
author = {Levchak, Philip J and Levchak, Charisse C},
title = {{Race and Politics: Predicting Support for 2016 Presidential Primary Candidates among White Americans}},
journal = {Sociological Inquiry},
year = {2019},
volume = {92},
number = {2},
pages = {423--31},
month = oct
}

@article{Guess:2018ug,
author = {Guess, Andrew M and Nyhan, B and Reifler, Jason},
title = {{Selective Exposure to Misinformation: Evidence from the consumption of fake news during the 2016 US presidential campaign}},
journal = {Working Paper},
year = {2018}
}

@article{Lyon:2019kb,
author = {Lyon, Gregory},
title = {{Working Conditions, Workers{\textquoteright} Rights, and Candidate Preference in the 2016 Democratic Primary}},
journal = {Public Opinion Quarterly},
year = {2019},
volume = {86},
number = {4},
pages = {55--816},
month = nov
}

@article{Bonikowski:2020wh,
author = {Bonikowski, Bart and Feinstein, Yuval and Bock, Sean},
title = {{The Partisan Sorting of {\textquoteleft}America{\textquoteright}: How Nationalist Cleavages Shaped the 2016 U.S. Presidential Election}},
journal = {Working Paper},
year = {2020},
pages = {1--85},
month = may
}

@article{Bostdorff:2017tq,
author = {Bostdorff, Denise M},
title = {{Obama, Trump, And Reflections On The Rhetoric Of Political Change}},
journal = {Rhetoric Public Affairs},
year = {2017},
volume = {20},
number = {4},
pages = {695--706},
month = dec
}

@article{Lench:2018fd,
author = {Lench, Heather C and Levine, Linda J and Perez, Kenneth A and Carpenter, Zari Koelbel and Carlson, Steven J and Tibbett, Tom},
title = {{Changes in subjective well-being following the U.S. Presidential election of 2016}},
journal = {Emotion},
year = {2018},
pages = {1--10},
month = mar
}

@article{Griffin:2018da,
author = {Griffin, Robert and Sides, John},
title = {{In the Red}},
journal = {Democracy Fund Voter Study Group},
year = {2018},
month = sep
}

@article{Manza:2017da,
author = {Manza, Jeff and Crowley, Ned},
title = {{Working Class Hero? Interrogating the Social Bases of the Rise of Donald Trump}},
journal = {The Forum},
year = {2017},
volume = {15},
number = {1},
pages = {3--28},
month = may
}

@article{Weinschenk:2019gz,
author = {Weinschenk, Aaron C},
title = {{That{\textquoteright}s Why the Lady Lost to the Trump: Demographics and the 2016 Presidential Election}},
journal = {Journal of Political Marketing},
year = {2019},
volume = {18},
number = {1-2},
pages = {69--91},
month = may
}

@article{Bilal:2018js,
author = {Bilal, Usama and Knapp, Emily A and Cooper, Richard S},
title = {{Swing voting in the 2016 presidential election in counties where midlife mortality has been rising in white non-Hispanic Americans}},
journal = {Social Science {\&} Medicine},
year = {2018},
volume = {197},
pages = {33--38},
month = jan
}

@article{Glick:2019cm,
author = {Glick, Peter},
title = {{Gender, sexism, and the election: did sexism help Trump more than it hurt Clinton?}},
journal = {Politics, Groups, and Identities},
year = {2019},
volume = {7},
number = {3},
pages = {713--723},
month = jul
}

@article{Cottrell:2018go,
author = {Cottrell, David and Herron, Michael C and Westwood, Sean J},
title = {{An exploration of Donald Trump's allegations of massive voter fraud in the 2016 General Election}},
journal = {Electoral Studies},
year = {2018},
volume = {51},
pages = {123--142},
month = feb
}

@article{Grimmer:2019tf,
author = {Grimmer, Justin and Marble, William},
title = {{Who Put Trump in the White House? Explaining the Contribution of Voting Blocs to Trump{\textquoteright}s Victory}},
journal = {Working Paper},
year = {2019},
month = dec
}

@incollection{DentonJr:2017em,
author = {Denton Jr, Robert E},
title = {{Issues of Gender in the 2016 Presidential Campaign}},
booktitle = {The 2016 US Presidential Campaign},
year = {2017},
pages = {179--203},
publisher = {Springer International Publishing},
address = {Cham},
month = jun
}

@article{Searles:2019dj,
author = {Searles, Kathleen and Banda, Kevin K},
title = {{But her emails! How journalistic preferences shaped election coverage in 2016}},
journal = {Journalism},
year = {2019},
volume = {20},
number = {8},
pages = {1052--1069},
month = may
}

@article{Jardina:2020hca,
author = {Jardina, Ashley},
title = {{In-Group Love and Out-Group Hate: White Racial Attitudes in Contemporary U.S. Elections}},
journal = {Political Behavior},
year = {2020},
volume = {80},
number = {4},
pages = {1--25},
month = mar
}

@article{Krupenkin:2019jp,
author = {Krupenkin, Masha and Rothschild, David and Hill, Shawndra and Yom-Tov, Elad},
title = {{President Trump Stress Disorder: Partisanship, Ethnicity, and Expressive Reporting of Mental Distress After the 2016 Election}},
journal = {SAGE Open},
year = {2019},
volume = {9},
number = {1},
pages = {215824401983086--14},
month = mar
}

@article{Green:dm,
author = {Green, J and McElwee, Sean},
title = {{The Differential Effects of Economic Conditions and Racial Attitudes in the Election of Donald Trump}},
journal = {Perspectives on Politics},
year = {2019},
volume = {17},
number = {2},
pages = {358--379},
month = jun
}

@article{McDonald:2020do,
author = {McDonald, Jared and Karol, David and Mason, Lilliana},
title = {{{\textquotedblleft}An Inherited Money Dude from Queens County{\textquotedblright}: How Unseen Candidate Characteristics Affect Voter Perceptions}},
journal = {Political Behavior},
year = {2020},
volume = {42},
pages = {915–938},
month = jan
}

@article{DiTella:2018hq,
author = {Di Tella, Rafael and Rotemberg, Julio J },
title = {{Populism and the return of the {\textquotedblleft}Paranoid Style{\textquotedblright}: Some evidence and a simple model of demand for incompetence as insurance against elite betrayal}},
journal = {Journal of Comparative Economics},
year = {2018},
volume = {46},
number = {4},
pages = {988--1005},
month = dec
}

@article{Johnson:2017je,
author = {Johnson, Paul Elliott},
title = {{The Art of Masculine Victimhood: Donald Trump{\textquoteright}s Demagoguery}},
journal = {Women's Studies in Communication},
year = {2017},
volume = {40},
number = {3},
pages = {229--250},
month = jul
}

@article{Lamont:gl,
author = {Lamont, M and Park, Bo Yun and Ayala-Hurtado, Elena},
title = {{Trump's electoral speeches and his appeal to the American white working class}},
journal = {The British Journal of Sociology},
year = {2017},
volume = {68},
number = {S1},
pages = {S154--S180}
}

@article{Holland:2020bp,
author = {Holland, Jack and Fermor, Ben},
title = {{The discursive hegemony of Trump{\textquoteright}s Jacksonian populism: Race, class, and gender in constructions and contestations of US national identity, 2016{\textendash}2018}},
journal = {Politics},
year = {2020},
volume = {2},
number = {2},
pages = {026339572093686--16},
month = jul
}

@article{LewisBeck:2019fj,
author = {Lewis-Beck, Michael S and Quinlan, Stephen},
title = {{The Hillary Hypotheses: Testing Candidate Views of Loss}},
journal = {Perspectives on Politics},
year = {2019},
volume = {17},
number = {3},
pages = {646--665},
month = aug
}

@article{McQuarrie:2017ib,
author = {McQuarrie, Michael},
title = {{The revolt of the Rust Belt: place and politics in the age of anger}},
journal = {The British Journal of Sociology},
year = {2017},
volume = {68},
number = {S1},
pages = {S120--S152}
}

@article{Womick:2018ev,
author = {Womick, Jake and Rothmund, Tobias and Azevedo, Flavio and King, Laura A and Jost, John T},
title = {{Group-Based Dominance and Authoritarian Aggression Predict Support for Donald Trump in the 2016 U.S. Presidential Election}},
journal = {Social Psychological and Personality Science},
year = {2018},
volume = {10},
number = {5},
pages = {643--652},
month = jun
}

@article{Dawes:2018wz,
author = {Dawes, Christopher and Weinschenk, Aaron C},
title = {{Moral Foundations, System Justification, and Support for Trump in the 2016 Presidential Election}},
year = {2018},
pages = {1--19},
month = nov
}

@article{Boydstun:ib,
author = {Boydstun, A E and Lawrence, Regina},
title = {{When Celebrity and Political Journalism Collide: Reporting Standards, Entertainment, and the Conundrum of Covering Donald Trump's 2016 Campaign}},
journal = {Perspectives on Politics}
}

@article{Freund:2017hd,
author = {Freund, Caroline and Sidhu, Dario},
title = {{Manufacturing and the 2016 Election: An Analysis of US Presidential Election Data}},
journal = {PIIE Working Paper},
year = {2017},
month = may
}

@article{Manza:2018do,
author = {Manza, Jeff and Crowley, Ned},
title = {{Ethnonationalism and the Rise of Donald Trump}},
journal = {Contexts},
year = {2018},
volume = {17},
number = {1},
pages = {28--33},
month = apr
}

@article{Rudolph:2019gk,
author = {Rudolph, Thomas},
title = {{Populist anger, Donald Trump, and the 2016 election}},
journal = {Journal of Elections, Public Opinion and Parties},
year = {2019},
pages = {1--26},
month = feb
}

@article{Allcott:2017bf,
author = {Allcott, Hunt and Gentzkow, Matthew},
title = {{Social Media and Fake News in the 2016 Election}},
journal = {Journal of Economic Perspectives},
year = {2017},
volume = {31},
number = {2},
pages = {211--236},
month = apr
}

@article{Sides:2017tg,
author = {Sides, John},
title = {{Race, Religion, and Immigration in 2016: How the Debate over American Identity Shaped the Election and What It Means for a Trump Presidency 
}},
journal = {Democracy Fund Voter Study Group},
year = {2017},
pages = {1--23},
month = jun
}

@article{Gharbi:2018fa,
author = {Gharbi, Musa},
title = {{Race and the Race for the White House: On Social Research in the Age of Trump}},
journal = {The American Sociologist},
year = {2018},
volume = {49},
number = {4},
pages = {1--24},
month = oct
}

@article{Reny:2019kb,
author = {Reny, Tyler T and Collingwood, Loren and Valenzuela, Ali A},
title = {{Vote Switching in the 2016 Election: How Racial and Immigration Attitudes, Not Economics, Explain Shifts in White Voting}},
journal = {Public Opinion Quarterly},
year = {2019},
volume = {83},
number = {1},
pages = {91--113},
month = may
}

@article{Dickinson:2018hm,
author = {Dickinson, Matthew J},
title = {{Explaining Trump{\textquoteright}s Support: What We Saw and Heard At His Campaign Rallies}},
journal = {The Forum},
year = {2018},
volume = {16},
number = {2},
pages = {171--191},
month = aug
}

@article{Lee:2017br,
author = {Lee, Michael},
title = {{Multiple Baskets: Diverse Racial Frames and the 2016 Republican Primary}},
journal = {New Political Science},
year = {2017},
volume = {39},
number = {4},
pages = {631--650},
month = nov
}

@article{Enns:2018vo,
author = {Enns, Peter K},
title = {{Clarifying the Role of Racism in the 2016 U.S. Presidential Election: Opinion Change, Anti{\textendash}Immigrant Sentiment, and Vote Choice}},
journal = {Working Paper},
year = {2018},
number = {Presented at APSA 2018},
month = sep
}

@article{Newman2018,
author = {Newman, Benjamin J and Shah, Sono and Collingwood, Loren},
title = {{Race, Place, and Building a Base: Latino Population Growth and the Nascent Trump Campaign for President}},
journal = {Public Opinion Quarterly},
year = {2018},
volume = {82},
number = {1},
pages = {122--134},
month = jan
}


@article{Bracic:2019bc,
author = {Bracic, Ana and Israel-Trummel, Mackenzie and Shortle, Allyson F},
title = {{Is Sexism for White People? Gender Stereotypes, Race, and the 2016 Presidential Election}},
journal = {Political Behavior},
year = {2019},
volume = {41},
number = {2},
pages = {281--307}
}

